%% This BibTeX bibliography file was created using BibDesk.
%% http://bibdesk.sourceforge.net/


%% Created for Maria Ferman at 2017-08-18 13:35:17 -0700 


%% Saved with string encoding Unicode (UTF-8) 



@book{munzner2014visualization,
	Author = {Munzner, Tamara},
	Date-Added = {2017-08-18 20:32:52 +0000},
	Date-Modified = {2017-08-18 20:35:10 +0000},
	Publisher = {CRC press},
	Title = {Visualization Analysis and Design},
	Year = {2014}}

@misc{Iris,
	Author = {Ethan Fast},
	Date-Added = {2017-08-18 20:26:00 +0000},
	Date-Modified = {2017-08-18 20:27:01 +0000},
	Howpublished = {Hackernoon},
	Keywords = {Data Science Chatbot},
	Month = {July},
	Title = {A Conversational Agent for Data Science},
	Year = {2017}}

@misc{OreillyBots,
	Author = {Mary Treseler},
	Date-Added = {2017-08-18 20:25:51 +0000},
	Date-Modified = {2017-08-18 20:25:51 +0000},
	Howpublished = {O'REILLY},
	Keywords = {Designing bots, IBM designer},
	Month = {December},
	Title = {Designing bots},
	Year = {2016}}

@misc{Rescue,
	Author = {Justin Clegg},
	Date-Added = {2017-08-18 20:25:51 +0000},
	Date-Modified = {2017-08-18 20:25:51 +0000},
	Howpublished = {Square One Labs},
	Keywords = {Emergency chatbot},
	Month = {April},
	Title = {Rescue.io: A Chatbot Solution for Emergency Situations},
	Year = {2017}}

@book{Hutchby2001,
	Address = {Cambridge},
	Author = {Ian Hutchby},
	Date-Added = {2017-08-18 20:25:51 +0000},
	Date-Modified = {2017-08-18 20:25:51 +0000},
	Keywords = {EMCA, Conversation Analysis, Technology, Telephone ; Internet},
	Publisher = {Polity Press},
	Title = {Conversation and Technology: From the telephone to the internet},
	Year = {2001}}

@book{zipf2016human,
	Author = {Zipf, George Kingsley},
	Date-Added = {2017-08-18 20:25:51 +0000},
	Date-Modified = {2017-08-18 20:25:51 +0000},
	Keywords = {Least effort law},
	Publisher = {Ravenio Books},
	Title = {Human behavior and the principle of least effort: An introduction to human ecology},
	Year = {2016}}

@article{lebeuf2017software,
	Author = {Lebeuf, Carlene and Storey, Margaret-Anne and Zagalsky, Alexey},
	Date-Added = {2017-08-18 20:25:51 +0000},
	Date-Modified = {2017-08-18 20:25:51 +0000},
	Journal = {arXiv preprint arXiv:1702.07011},
	Keywords = {Chatbot, fiction points},
	Title = {How Software Developers Mitigate Collaboration Friction with Chatbots},
	Year = {2017}}

@book{DesigninBotsAmir,
	Author = {Amir Shevat},
	Date-Added = {2017-08-18 20:25:51 +0000},
	Date-Modified = {2017-08-18 20:25:51 +0000},
	Keywords = {Bots's Design},
	Month = {May},
	Publisher = {O'Reilly Media},
	Title = {Designing Bots},
	Year = {2017}}

@article{eppler2006comparison,
	Author = {Eppler, Martin J},
	Date-Added = {2017-08-18 20:25:51 +0000},
	Date-Modified = {2017-08-18 20:25:51 +0000},
	Journal = {Information visualization},
	Keywords = {Mind maps, information visualization},
	Number = {3},
	Pages = {202-210},
	Title = {A comparison between concept maps, mind maps, conceptual diagrams, and visual metaphors as complementary tools for knowledge construction and sharing},
	Volume = {5},
	Year = {2006}}

@misc{personality,
	Author = {Spectrm},
	Date-Added = {2017-08-18 20:25:51 +0000},
	Date-Modified = {2017-08-18 20:25:51 +0000},
	Howpublished = {Chatbots Magazine},
	Keywords = {Chatbot's personality},
	Month = {February},
	Title = {Your Chatbot's Personality Is The Key},
	Year = {2017}}

@misc{botfather,
	Date-Added = {2017-08-18 20:25:51 +0000},
	Date-Modified = {2017-08-18 20:25:51 +0000},
	Keywords = {Botfather, Bots introduction developers},
	Month = {October},
	Publisher = {Telegram},
	Title = {Bots: An introduction for developers},
	Year = {2014}}

@book{Oxford,
	Date-Added = {2017-08-18 20:25:51 +0000},
	Date-Modified = {2017-08-18 20:25:51 +0000},
	Keywords = {Dictionary},
	Publisher = {Oxford University Press},
	Title = {Oxford Dictionaries},
	Year = {2017}}

@misc{designChatbotConversatio,
	Author = {Obaid Ahmed},
	Date-Added = {2017-08-18 20:25:51 +0000},
	Date-Modified = {2017-08-18 20:25:51 +0000},
	Howpublished = {Chatbot's Life},
	Keywords = {Design, chatbot, Conversation},
	Month = {March},
	Title = {Designing Chatbot Conversations},
	Year = {2017}}

@misc{effectivCommunication,
	Author = {Sneha Mishra},
	Date-Added = {2017-08-18 20:25:51 +0000},
	Date-Modified = {2017-08-18 20:25:51 +0000},
	Howpublished = {BUSINESSTOPIA},
	Keywords = {Effective Communication},
	Title = {Effective Communication},
	Year = {2017}}

@misc{CaseStudy,
	Author = {Robert Sens},
	Date-Added = {2017-08-18 20:25:51 +0000},
	Date-Modified = {2017-08-18 20:25:51 +0000},
	Howpublished = {Behance},
	Keywords = {Designing a Chatbot, UX Design Process, Case Study},
	Month = {May},
	Title = {Designing a Chatbot Conversation},
	Year = {2016}}

@misc{carousel,
	Author = {Kara Pernice},
	Date-Added = {2017-08-18 20:25:51 +0000},
	Date-Modified = {2017-08-18 20:25:51 +0000},
	Howpublished = {Nielsen Norman Group},
	Keywords = {Carousel, Navigation, Visual Design, Web Usability},
	Month = {September},
	Title = {Carousel Usability: Designing an Effective UI for Websites with Content Overload},
	Year = {2013}}

@book{merriam-webster,
	Author = {Simon and Schuster.},
	Date-Added = {2017-08-18 20:25:51 +0000},
	Date-Modified = {2017-08-18 20:25:51 +0000},
	Keywords = {Dictionary},
	Publisher = {Richmond Hill, Ont},
	Title = {The new merriam-webster pocket dictionary},
	Year = {1971}}

@url{flowerurl,
	Author = {TopBots},
	Date-Added = {2017-08-18 20:25:51 +0000},
	Date-Modified = {2017-08-18 20:25:51 +0000},
	Keywords = {Chatbot, Flower delivery},
	Title = {1-800-Flowers},
	Urldate = {1-800-Flowers}}

@book{Shevat2017,
	Author = {Amir Shevat},
	Date-Added = {2017-08-18 20:25:51 +0000},
	Date-Modified = {2017-08-18 20:25:51 +0000},
	Keywords = {Bots, Conversational Experiences},
	Month = {May},
	Publisher = {O'Reilly Media},
	Title = {Designing Bots Creating Conversational Experiences},
	Year = {2017}}

@book{allen1978conversation,
	Address = {The Hague},
	Author = {Allen,Donald E. and Guy,Rebecca F.},
	Date-Added = {2017-08-18 20:25:51 +0000},
	Date-Modified = {2017-08-18 20:25:51 +0000},
	Keywords = {Communication; Conversation analysis; Psychological aspects},
	Publisher = {Walter de Gruyter},
	Title = {Conversation analysis: the sociology of talk},
	Volume = {200},
	Year = {1978}}

@book{reichman1985getting,
	Author = {Reichman, Rachel},
	Date-Added = {2017-08-18 20:25:51 +0000},
	Date-Modified = {2017-08-18 20:25:51 +0000},
	Publisher = {MIT press Cambridge, MA.},
	Title = {Getting computers to talk like you and me: discourse context, focus, and semantics},
	Year = {1985}}

@misc{HeuristicsWebPage,
	Author = {Kevin Scott},
	Date-Added = {2017-08-18 20:25:51 +0000},
	Date-Modified = {2017-08-18 20:25:51 +0000},
	Howpublished = {Chatbots Magazine},
	Keywords = {Usability Heuristics for Bots},
	Month = {May},
	Rating = {5},
	Read = {1},
	Title = {Usability Heuristics for Bots},
	Year = {2016}}

@article{shneiderman1997direct,
	Author = {Shneiderman, Ben and Maes, Pattie},
	Date-Added = {2017-08-18 20:25:51 +0000},
	Date-Modified = {2017-08-18 20:25:51 +0000},
	Journal = {interactions},
	Number = {6},
	Pages = {42--61},
	Publisher = {ACM},
	Title = {Direct manipulation vs. interface agents},
	Volume = {4},
	Year = {1997}}
